
@book{stevens,
	Author = {Stevens, Eli and Antiga, Luca},
	Date-Added = {2020-06-20 17:14:50 +0200},
	Date-Modified = {2020-06-20 17:18:21 +0200},
	Publisher = {Manning},
	Title = {Deep Learning with PyTorch},
	Year = {2019}}

@book{chollet,
	Author = {Chollet, Fran{\c c}ois},
	Date-Added = {2019-07-07 09:03:22 +0000},
	Date-Modified = {2019-07-07 09:05:21 +0000},
	Publisher = {Manning},
	Title = {Deep Learning with Python},
	Year = {2018}}


@article{cmb,
	Author = {Tomasi, Maurizio and Franceschet, Cristian and Realini, Sabrina},
	Date-Added = {2020-06-24 16:16:40 +0200},
	Date-Modified = {2020-06-24 16:17:58 +0200},
	Title = {The quest for CMB B-modes}}
